<?xml version="1.0" encoding="UTF-8"?><record xmlns="http://www.loc.gov/MARC21/slim" xmlns:cinclude="http://apache.org/cocoon/include/1.0" xmlns:zs="http://www.loc.gov/zing/srw/">
  <leader>00351nz  a2200133n  4500</leader>
  <controlfield tag="001">no2001007124</controlfield>
  <controlfield tag="003">DLC</controlfield>
  <controlfield tag="005">20010128102004.0</controlfield>
  <controlfield tag="008">010127n| acannaabn          |n aaa     c</controlfield>
  <datafield tag="010" ind1=" " ind2=" ">
    <subfield code="a">no2001007124</subfield>
  </datafield>
  <datafield tag="035" ind1=" " ind2=" ">
    <subfield code="a">(OCoLC)oca05402633</subfield>
  </datafield>
  <datafield tag="040" ind1=" " ind2=" ">
    <subfield code="a">MBU-T</subfield>
    <subfield code="b">eng</subfield>
    <subfield code="c">MBU-T</subfield>
  </datafield>
  <datafield tag="100" ind1="1" ind2="0">
    <subfield code="a">McCready, Nancy</subfield>
  </datafield>
  <datafield tag="670" ind1=" " ind2=" ">
    <subfield code="a">Christ for all seasons ... 1977:</subfield>
    <subfield code="b">t.p. (Nancy McCready)</subfield>
  </datafield>
</record>